<record xmlns="http://www.loc.gov/MARC21/slim" xmlns:xsi="http://www.w3.org/2001/XMLSchema-instance" xsi:schemaLocation="http://www.loc.gov/MARC21/slim http://www.loc.gov/standards/marcxml/schema/MARC21slim.xsd"><leader>00881cz   2200217n  4500</leader><controlfield tag="001">oca00769693 </controlfield><controlfield tag="003">OCoLC</controlfield><controlfield tag="005">20051019135121.0</controlfield><controlfield tag="008">820917n| acannaab           |a aaa      </controlfield><datafield ind1=" " ind2=" " tag="010"><subfield code="a">n  82072927 </subfield></datafield><datafield ind1=" " ind2=" " tag="040"><subfield code="a">DLC</subfield><subfield code="c">DLC</subfield></datafield><datafield ind1=" " ind2="0" tag="053"><subfield code="a">PA8310.E52</subfield></datafield><datafield ind1="0" ind2="0" tag="100"><subfield code="a">Ekkehard</subfield><subfield code="b">IV,</subfield><subfield code="d">ca. 980-ca. 1060.</subfield></datafield><datafield ind1="0" ind2="0" tag="400"><subfield code="w">nnaa</subfield><subfield code="a">Ekkehardus</subfield><subfield code="b">IV,</subfield><subfield code="c">Monk of St. Gall,</subfield><subfield code="d">ca. 980-ca. 1060</subfield></datafield><datafield ind1="0" ind2="0" tag="400"><subfield code="a">Ekkehardus</subfield><subfield code="b">IV,</subfield><subfield code="d">ca. 980-ca. 1060</subfield></datafield><datafield ind1="0" ind2="0" tag="400"><subfield code="a">Ekkehart</subfield><subfield code="b">IV,</subfield><subfield code="d">ca. 980-ca. 1060</subfield></datafield><datafield ind1=" " ind2=" " tag="670"><subfield code="a">Ratpert. Das althochdeutsche Galluslied Ratperts und seine lateinischen Übersetzungen durch Ekkehart IV, 1982:</subfield><subfield code="b">t.p. (Ekkehart IV) p. 39 (b. before 1000; d. 10/21/1057?)</subfield></datafield><datafield ind1=" " ind2=" " tag="670"><subfield code="a">Brockhaus, 1972</subfield><subfield code="b">(Ekkehart IV; b. ca. 980; d. ca. 1060)</subfield></datafield><datafield ind1=" " ind2=" " tag="670"><subfield code="a">Encyc. Brit., 1977</subfield><subfield code="b">(Ekkehard IV; b. 980?; d. 10/21/1069?)</subfield></datafield><datafield ind1=" " ind2=" " tag="670"><subfield code="a">Stammler</subfield><subfield code="b">(Ekkehard IV)</subfield></datafield><datafield ind1=" " ind2=" " tag="675"><subfield code="a">Encyc. Am., 1975;</subfield><subfield code="a">Collier's, 1973.</subfield></datafield></record>